@article{lee,
  author = {Rachel Lee and Ryan Walker and Lisa Meeden and James Marshall},
  title = {Category-Based Intrinsic Motivation},
  journal = {Proceedings of the Ninth International Conference on Epigenetic Robotics},
  year = {2009}
}

